
@online{matfyz-anketa,
  author = {Univerzita Karlova, Matematicko-fyzikální fakulta - Komise pro studentskou anketu},
  title = {Často kladené dotazy k anketě},
  year = {2021},
  url = {https://www.mff.cuni.cz/cs/vnitrni-zalezitosti/it-a-sluzby/informacni-systemy/studijni-informacni-system/casto-kladene-otazky/casto-kladene-dotazy-k-ankete},
  urldate = {2024-02-26}
}


@online{doctrine-supported-dbs,
    author = {Doctrine DBAL},
    title = {Introduction},
    url= {https://www.doctrine-project.org/projects/doctrine-dbal/en/4.0/reference/introduction.html},
    urldate = {2024-03-04}
}